@MISC{Chen2018,
  author = {Chen, W.-C. and Maitra, R.},
  title = {MixfMRI: fMRI Clustering Analysis},
  year = {2018},
  note = {R Package},
  url = {http://cran.r-project.org/package=MixfMRI}
}
@article{ChenMaitra2018,
  author = {Chen, W.-C. and Maitra, R.},
  title = {Improved Activation Detection in Single-Subject fMRI Studies},
  journal = {manuscript},
  year = {2018},
  volume = {},
  pages = {}
}

@BOOK{McLachlan1996,
  title = {The EM Algorithm and Extensions},
  publisher = {John Wiley \& Sons},
  year = {1996},
  author = {McLachlan, G.J. and Krishnan, T.}
}

@ARTICLE{Chen2011,
  author = {Chen, W.-C. and Maitra, R.},
  title = {Model-based clustering of regression time series data via
          {APECM} -- an AECM algorithm sung to an even faster beat},
  journal = {Statistical Analysis and Data Mining},
  year = {2011},
  volume = {4},
  pages = {567-578},
  long_journal = {Statistical Analysis and Data Mining}
}

@ARTICLE{Chen2013,
  author = {Chen, W.-C. and Ostrouchov, G. and Pugmire, D. and
            Prabhat, M. and Wehner, M.},
  title = {A Parallel EM Algorithm for Model-Based Clustering with
          Application to Explore Large Spatio-Temporal Data},
  journal = {Technometrics},
  year = {2013},
  volume = {55},
  issue = {4},
  pages = {513-523},
  long_journal = {Technometrics}
}

@ARTICLE{Maitra2009,
  author = {Maitra, R.},
  title = {Initializing Partition-Optimization Algorithms},
  journal = {IEEE/ACM Transactions on Computational Biology and Bioinformatics},
  year = {2009},
  volume = {6},
  pages = {144-157}
}

@MISC{Chen2012,
  author = {Chen, W.-C. and Ostrouchov, G. and Schmidt, D. and Patel, P. and
            Yu, H.},
  title = {pbdMPI: Programming with Big Data -- Interface to MPI},
  year = {2012},
  note = {R Package},
  url = {https://cran.r-project.org/package=pbdMPI}
}

